<record><leader>00000cas a2200000 a 4500</leader><controlfield tag="001">14442704</controlfield><controlfield tag="008">861020d18741881pauwr ne      0    0eng d</controlfield><datafield ind1=" " ind2=" " tag="010"><subfield code="a">sn 86053810 </subfield></datafield><datafield ind1=" " ind2=" " tag="040"><subfield code="a">NPX</subfield><subfield code="b">eng</subfield><subfield code="c">NPX</subfield><subfield code="d">NVF</subfield><subfield code="d">OCL</subfield><subfield code="d">OCLCQ</subfield><subfield code="d">OCLCF</subfield><subfield code="d">OCLCO</subfield></datafield><datafield ind1="1" ind2=" " tag="029"><subfield code="a">AU@</subfield><subfield code="b">000020452259</subfield></datafield><datafield ind1=" " ind2=" " tag="042"><subfield code="a">msc</subfield></datafield><datafield ind1=" " ind2=" " tag="043"><subfield code="a">n-us-pa</subfield></datafield><datafield ind1="0" ind2=" " tag="130"><subfield code="a">Leader (Orbisonia, Pa.)</subfield></datafield><datafield ind1="1" ind2="4" tag="245"><subfield code="a">The leader.</subfield></datafield><datafield ind1="1" ind2="3" tag="246"><subfield code="a">Orbisonia leader</subfield></datafield><datafield ind1=" " ind2=" " tag="260"><subfield code="a">Orbisonia, Pa. :</subfield><subfield code="b">R.J. Coons &amp; Co.</subfield></datafield><datafield ind1=" " ind2=" " tag="300"><subfield code="a">v.</subfield></datafield><datafield ind1=" " ind2=" " tag="310"><subfield code="a">Weekly</subfield></datafield><datafield ind1=" " ind2=" " tag="500"><subfield code="a">"Centennial, 1776-1876" appears above title, &lt;1876&gt;.</subfield></datafield><datafield ind1=" " ind2=" " tag="588"><subfield code="a">Description based on: Vol. 2, no. 27 (May 24, 1876).</subfield></datafield><datafield ind1=" " ind2="0" tag="651"><subfield code="a">Orbisonia (Pa.)</subfield><subfield code="v">Newspapers.</subfield></datafield><datafield ind1=" " ind2="7" tag="655"><subfield code="a">Newspapers.</subfield><subfield code="2">fast</subfield><subfield code="0">(OCoLC)fst01423814</subfield></datafield><datafield ind1=" " ind2="7" tag="651"><subfield code="a">Pennsylvania</subfield><subfield code="z">Orbisonia.</subfield><subfield code="2">fast</subfield><subfield code="0">(OCoLC)fst01267572</subfield></datafield><datafield ind1=" " ind2=" " tag="752"><subfield code="a">United States</subfield><subfield code="b">Pennsylvania</subfield><subfield code="c">Huntingdon</subfield><subfield code="d">Orbisonia.</subfield></datafield></record>